<record><leader>00000cas a22000007a 4500</leader><controlfield tag="001">25649229</controlfield><controlfield tag="008">920415d19131916nyuwr ne      0    0eng d</controlfield><datafield ind1=" " ind2=" " tag="010"><subfield code="a">sn 92061686 </subfield></datafield><datafield ind1=" " ind2=" " tag="040"><subfield code="a">NYS</subfield><subfield code="b">eng</subfield><subfield code="c">NYS</subfield><subfield code="d">OCLCQ</subfield></datafield><datafield ind1=" " ind2=" " tag="042"><subfield code="a">msc</subfield></datafield><datafield ind1="0" ind2="0" tag="245"><subfield code="a">Allegany County news.</subfield></datafield><datafield ind1=" " ind2=" " tag="260"><subfield code="a">Whitesville, Allegany County, N.Y. :</subfield><subfield code="b">Alleco Print. Co.</subfield></datafield><datafield ind1=" " ind2=" " tag="300"><subfield code="a">v. ;</subfield><subfield code="c">54 cm.</subfield></datafield><datafield ind1=" " ind2=" " tag="310"><subfield code="a">Weekly</subfield></datafield><datafield ind1="0" ind2=" " tag="362"><subfield code="a">Vol. 19, no. 27 (Oct. 9, 1913)-v. 21, no. 46 (Feb. 24, 1916).</subfield></datafield><datafield ind1=" " ind2="4" tag="651"><subfield code="a">Whitesville (N.Y.)</subfield><subfield code="v">Newspapers.</subfield></datafield><datafield ind1=" " ind2=" " tag="752"><subfield code="a">United States</subfield><subfield code="b">New York</subfield><subfield code="c">Allegany</subfield><subfield code="d">Whitesville.</subfield></datafield><datafield ind1="0" ind2="0" tag="780"><subfield code="t">Whitesville news (Whitesville, N.Y. : 1895)</subfield><subfield code="w">(DLC)sn 92061685</subfield><subfield code="w">(OCoLC)25649038</subfield></datafield><datafield ind1="0" ind2="0" tag="785"><subfield code="t">Whitesville news (Whitesville, N.Y. : 1916)</subfield><subfield code="w">(DLC)sn 92061687</subfield></datafield></record>